@misc
{
  incotext,
  author={Conseil de l'Union Européenne},
  title={Règlement n°1169/2011 dit {INCO}},
  year={2011},
  month={nov},
  note={\url{https://www.senat.fr/europe/textes_europeens/ue0120.pdf}},
}

@misc
{
  incoexpl,
  author={{Direction Générale de la Concurrence, de la Consommation et de la Répression des Fraudes}},
  title={Étiquetage des denrées alimentaires : nouvelles règles européennes},
  year={2015},
  month={jan},
  note={\url{https://www.economie.gouv.fr/dgccrf/etiquetage-des-denrees-alimentaires-nouvelles-regles-europeennes}},
}

@misc
{
  site_pomona,
  author={Groupe Pomona},
  title={Site institutionnel du Groupe Pomona},
  note={\url{https://www.groupe-pomona.fr/}},
}

@misc
{
  reach_text,
  author={Conseil de l'Union Européenne},
  title={Règlement n°1907/2006 dit {REACH}},
  year={2006},
  month={dec},
  note={\url{https://bit.ly/2Jm05v9}},
}

@misc
{
  GDSNimplementationGuide,
  author={GS1},
  title={{GDSN Trade Item Implementation Guide}},
  year={2019},
  month={nov},
  note={\url{https://www.gs1.org/docs/gdsn/tiig/3_1/GDSN_Trade_Item_Implementation_Guide.pdf}},
}

@misc
{
  notions_DEB,
  author={{Direction Générales des Douanes et Droits Indirects}},
  title={{Notions essentielles sur la Déclaration d’\'{E}changes de Biens}},
  note={\url{https://www.douane.gouv.fr/notions-essentielles-sur-la-declaration-dechanges-de-biens}},
}

@misc
{
  GDSN_GS1_FR,
  author={{GS1 France}},
  title={{Le réseau GDSN, le canal pour l’échange d’informations produits}},
  note={\url{https://www.gs1.fr/Notre-offre/Le-reseau-GDSN-le-canal-pour-l-echange-d-informations-produits}},
}

@misc
{
  GDSN_GS1_GLOBAL,
  author={{GS1 Global}},
  title={{Global Data Synchronisation Network}},
  note={\url{https://www.gs1.org/services/gdsn}},
}


